<?xml version="1.0" encoding="UTF-8"?><collection xmlns="http://www.loc.gov/MARC21/slim"><record><leader>00601nam--2200205-i-4500</leader><controlfield tag="001">000020854</controlfield><controlfield tag="002">20161230</controlfield><controlfield tag="005">20161230201033</controlfield><controlfield tag="008">060222s1000------------r-----000-0-eng-d</controlfield><datafield ind1=" " ind2=" " tag="020"><subfield code="a">3540158758</subfield></datafield><datafield ind1=" " ind2=" " tag="040"><subfield code="a">IFIN-HH</subfield></datafield><datafield ind1=" " ind2=" " tag="080"><subfield code="a">621.375.826:778.4</subfield></datafield><datafield ind1="1" ind2=" " tag="100"><subfield code="a">Eichler, H.J., Gunter, P., Pohl, D.W</subfield></datafield><datafield ind1="1" ind2="0" tag="245"><subfield code="a">Laser-induced dynamic gratings.with 123 fig</subfield><subfield code="c">H.j. eichler; p. gunter; d.w. pohl</subfield></datafield><datafield ind1=" " ind2=" " tag="260"><subfield code="a">TOKYO</subfield><subfield code="b">Springer-verlag</subfield><subfield code="c">1986</subfield></datafield><datafield ind1=" " ind2=" " tag="300"><subfield code="a">256p</subfield></datafield><datafield ind1=" " ind2=" " tag="490"><subfield code="a">Springer Series In Optical Sciences</subfield><subfield code="v">Vol. 50</subfield></datafield><datafield ind1="1" ind2=" " tag="700"><subfield code="a">Pohl, D.W</subfield></datafield><datafield ind1=" " ind2=" " tag="852"><subfield code="a">44207</subfield><subfield code="c">535</subfield></datafield><datafield ind1=" " ind2=" " tag="CAT"><subfield code="a">Sys</subfield><subfield code="c">20101117</subfield><subfield code="h">150432</subfield></datafield></record></collection>